@misc{ extensionfunction,
   author = "{{Kotlin language documentation}}",
   title  = "Scope of extension functions",
   year   = "2022",
   url    = "https://kotlinlang.org/docs/extensions.html#scope-of-extensions",
   note   = "[Online; letöltve: 2022. november 29.]"
 }

@misc{ splashscreenmigration,
   author = "{{Android API documentation}}",
   title  = "Migrate your existing splash screen implementation to Android 12 and higher",
   year   = "2022",
   url    = "https://developer.android.com/develop/ui/views/launch/splash-screen/migrate",
   note   = "[Online; letöltve: 2022. november 29.]"
 }

@misc{ splashscreenreference,
  author = "{{Android API documentation}}",
  title  = "SplashScreen class reference",
  year   = "2022",
  url    = "https://developer.android.com/reference/kotlin/androidx/core/splashscreen/SplashScreen",
  note   = "[Online; letöltve: 2022. november 29.]"
}

@misc{ issue,
  author = "{{Hibajegy}}",
  title  = "Implement Android 12 new splashscreen API (4548)",
  year   = "2022",
  url    = "https://github.com/openfoodfacts/openfoodfacts-androidapp/issues/4548",
  note   = "[Online; letöltve: 2022. november 29.]"
}

@misc{ pullrequest,
  author = "{{Pull request}}",
  title  = "Use new SplashScreen API on Android 12 and newer (API level 31 and up) (4871)",
  year   = "2022",
  url    = "https://github.com/openfoodfacts/openfoodfacts-androidapp/pull/4871",
  note   = "[Online; letöltve: 2022. november 29.]"
}

@misc{ autodataextraction,
  author = "{{OpenFoodFacts Wiki}}",
  title  = "Nutrition facts table data extraction",
  year   = "2022",
  url    = "https://wiki.openfoodfacts.org/Nutrition_facts_table_data_extraction",
  note   = "[Online; letöltve: 2022. november 30.]"
}
